@online{phonegap,
	title={{Adobe PhoneGap}},
	note={\url {www.phonegap.com}},
}
@online{reactnative,
	title={{React Native}},
	note={\url {https://facebook.github.io/react-native/}},
}
@online{react,
	title={{React}},
	note={\url {https://facebook.github.io/react/}},
}
@online{apachecordova,
	title={{Apache Cordova}},
	note={\url {https://cordova.apache.org/}},
}
@online{fireos,
	title={{Amazon Fire OS}},
	note={\url {https://developer.amazon.com/public/solutions/platforms/android-fireos}},
}
@online{android,
	title={{Android}},
	note={\url {https://www.android.com}},
}
@online{blackberry10,
	title={{Blackberry 10}},
	note={\url {http://global.blackberry.com/es/software.html}},
}
@online{firefoxos,
	title={{Firefox OS}},
	note={\url {https://www.mozilla.org/en-US/firefox/os/}},
}
@online{ios,
	title={{iOS}},
	note={\url {http://www.apple.com/ios/}},
}
@online{ubuntu,
	title={{Ubuntu}},
	note={\url {http://www.ubuntu.com/}},
}
@online{windows,
	title={{windows}},
	note={\url {https://www.microsoft.com/en-us/windows}},
}
@online{wp,
	title={{Windows Phone}},
	note={\url {https://www.microsoft.com/en-us/windows/phones}},
}
@online{tizen,
	title={{Tizen}},
	note={\url {https://www.tizen.org/}},
}
@online{config.xml,
	title={{W3C Configuration Document Specification}},
	note={\url {https://www.w3.org/TR/widgets/#configuration-document-0}},
}

@online{ioswebview,
	title={{iOS UIWebView Reference}},
	note={\url {https://developer.apple.com/library/ios/documentation/UIKit/Reference/UIWebView_Class/}},
}
@online{androidwebview,
	title={{Android WebView Reference}},
	note={\url {https://developer.android.com/reference/android/webkit/WebView.html}},
}
@online{npm,
	title={{Node Package Manager}},
	note={\url {https://www.npmjs.com/}},
}
@online{3topmarketshare,
	title={{Mobile/Tablet Operating System Market Share}},
	note={\url {https://www.netmarketshare.com/operating-system-market-share.aspx?qprid=8&qpcustomd=1&qpsp=2016&qpnp=1&qptimeframe=Y}},
}
@online{phonegapbuild,
	title={{Adobe PhoneGap Build}},
	note={\url {https://build.phonegap.com/}},
}
@online{phonegapplugins,
	title={{Adobe PhoneGap Plugins}},
	note={\url {https://build.phonegap.com/plugins}},
}
@online{flux,
	title={{Flux}},
	note={\url {https://facebook.github.io/flux/}},
}
@online{jsx,
	title={{JSX}},
	note={\url {https://facebook.github.io/jsx/}},
}
@online{dom,
	title={{Document Object Model Specification}},
	note={\url {https://www.w3.org/DOM/}},
}
@online{f8,
	title={{Facebook Developer Conference}},
	note={\url {https://www.fbf8.com/}},
}
@online{chromedevtools,
	title={{Chrome Developer Tools}},
	note={\url {https://developer.chrome.com/devtools}},
}
@online{javascriptcore,
	title={{JavaScriptCore Reference}},
	note={\url {https://developer.apple.com/library/tvos/documentation/Carbon/Reference/WebKit_JavaScriptCore_Ref/index.html}},
}
@online{runtimeconference,
	author={Tadeu Zagallo},
	title={{React Native Architecture Overview}},
	note={\url {https://www.youtube.com/watch?v=Ah2qNbI40vE}},
}
@online{rninstallguide,
	title={{React Native Installation Guide}},
	note={\url {https://facebook.github.io/react-native/docs/getting-started.html}},
}
@online{git,
	title={{Git}},
	note={\url {https://git-scm.com/}},
}
@online{node,
	title={{Node}},
	note={\url {https://nodejs.org/en/}},
}
@online{rncli,
	title={{React Native Command Line Tools}},
	note={\url {https://www.npmjs.com/package/react-native-cli}},
}
@online{jdk,
	title={{Java Development Kit 1.8}},
	note={\url {http://www.oracle.com/technetwork/java/javase/downloads/jdk8-downloads-2133151.html}},
}
@online{androidstudio,
	title={{Android Studio}},
	note={\url {https://developer.android.com/studio/index.html}},
}
@online{watchman,
	title={{Watchman}},
	note={\url {https://facebook.github.io/watchman/}},
}
@online{nuclide,
	title={{Nuclide}},
	note={\url {https://nuclide.io/}},
}
@online{flow,
	title={{Flow}},
	note={\url {https://flowtype.org/}},
}
@online{avd,
	title={{Android Virtual Device}},
	note={\url {https://developer.android.com/studio/run/managing-avds.html}},
}
@online{genymotion,
	title={{Genymotion}},
	note={\url {https://www.genymotion.com/}},
}
@online{genymotioninstall,
	title={{Genymotion Installation Guide}},
	note={\url {http://techapple.net/2014/07/tutorial-installsetup-genymotion-android-emulator-linux-ubuntulinuxmintfedoraarchlinux/#}},
}
@online{gradle,
	title={{Gradle}},
	note={\url {https://docs.gradle.org}},
}
@online{xcode,
	title={{XCode 8}},
	note={\url {https://developer.apple.com/xcode/}},
}
@online{opendevtools,
	title={{React Native debugging}},
	note={\url {https://facebook.github.io/react-native/docs/debugging.html}},
}
@online{uml,
	title={{Unified Modeling Language}},
	note={\url {http://www.uml.org/}},
}
@online{umlbook,
	author={C. Larman},
	title={{Applying UML and Patterns: An
Introduction to Object-Oriented Analysis and
Design and Iterative Development}},
	year={2004},
}
@online{es6,
	author={ECMA International},
	title={{ECMAScript 2015 Language Specification}},
	note={En LÃ­nea. Disponible en: \url {http://www.ecma-international.org/ecma-262/6.0/ECMA-262.pdf}},
	year={2015},
}
@online{flexbox,
	title={{Flexbox Reference}},
	note={\url {http://www.w3schools.com/css/css3_flexbox.asp}},
}
@online{repo,
	title={{GitHub repository of the project}},
	note={\url {https://github.com/IgnacioMV/Cronometer}},
}
@online{,
	title={{}},
	note={\url {}},
}
@online{,
	title={{}},
	note={\url {}},
}
@online{,
	title={{}},
	note={\url {}},
}
@online{,
	title={{}},
	note={\url {}},
}
@online{,
	title={{}},
	note={\url {}},
}

@online{,
	title={{}},
	note={\url {}},
}